@article{Stampfl1999,
author = {Stampfl, C. and Kreuzer, H. J. and Payne, S. H. and Pfn\"{u}r, H. and Scheffler, M.},
journal = {Physical Review Letters},
pages = {2993--2996},
title = {{First-Principles Theory of Surface Thermodynamics and Kinetics}},
volume = {83},
year = {1999}
}
@article{Grabow2008,
author = {Grabow, L. C. and Gokhale, A. A. and Evans, S. T. and Dumesic, J. A. and Mavrikakis, M.},
journal = {The Journal of Physical Chemistry C},
pages = {4608--4617},
title = {{Mechanism of the Water Gas Shift Reaction on Pt: First Principles, Experiments, and Microkinetic Modeling}},
volume = {112},
year = {2008}
}
@article{Gokhale2008,
author = {Gokhale, A. A. and Dumesic, J. A. and Mavrikakis, M.},
journal = {Journal of the American Chemical Society},
pages = {1402--1414},
title = {{On the Mechanism of Low-Temperature Water Gas Shift Reaction on Copper.}},
volume = {130},
year = {2008}
}
@article{Getman2010,
author = {Getman, R. B. and Schneider, W. F.},
journal = {ChemCatChem},
pages = {1450--1460},
title = {{DFT-Based Coverage-Dependent Model of Pt-Catalyzed NO Oxidation}},
volume = {2},
year = {2010}
}
@article{Grabow2010,
author = {Grabow, L. C. and Hvolb{\ae}k, B. and N{\o}rskov, J. K.},
journal = {Topics in Catalysis},
pages = {298--310},
title = {{Understanding Trends in Catalytic Activity: The Effect of Adsorbate-Adsorbate Interactions for CO Oxidation Over Transition Metals}},
volume = {53},
year = {2010}
}
@article{Salciccioli2011,
author = {Salciccioli, M. and Stamatakis, M. and Caratzoulas, S. and Vlachos, D.G.},
journal = {Chemical Engineering Science},
pages = {4319--4355},
title = {{A Review of Multiscale Modeling of Metal-Catalyzed Reactions: Mechanism Development for Complexity and Emergent Behavior}},
volume = {66},
year = {2011}
}
@article{Wu2012,
author = {Wu, C. and Schmidt, D.J. and Wolverton, C. and Schneider, W.F.},
journal = {Journal of Catalysis},
pages = {88--94},
title = {{Accurate Coverage-Dependence Incorporated into First-Principles Kinetic Models: Catalytic NO Oxidation on Pt (111)}},
volume = {286},
year = {2012}
}
@article{Stamatakis2014,
author = {Stamatakis, M.},
journal = {Journal of Physics: Condensed Matter},
title = {{Kinetic Modelling of Heterogeneous Catalytic Systems}},
year = {2014},
volume={27}
}
@article{Gomez-Marin2013,
author = {Gomez-Marin, A. M. and Hernandez-Ortiz, J. P.},
journal = {The Journal of Physical Chemistry C},
pages = {15716--15727},
title = {{Mean Field Approximation of Langmuir − Hinshelwood CO − Surface Reactions Considering Lateral Interactions}},
volume = {117},
year = {2013}
}
@article{Guo1989,
author = {Guo, X. and Yates, J. T.},
journal = {The Journal of Chemical Physics},
pages = {6761},
title = {{Dependence of Effective Desorption Kinetic Parameters on Surface Coverage and Adsorption Temperature: CO on Pd(111)}},
volume = {90},
year = {1989}
}
@article{Dulieu2013,
author = {Dulieu, F. and Congiu, E. and Noble, J. and Baouche, S. and Chaabouni, H. and Moudens, A. and Minissale, M. and Cazaux, S.},
journal = {Scientific Reports},
pages = {1338},
title = {{How Micron-Sized Dust Particles Determine the Chemistry of Our Universe.}},
volume = {3},
year = {2013}
}
@article{Acharyya2007,
author = {Acharyya, K. and Fuchs, G. W. and Fraser, H. J. and van Dishoeck, E. F. and Linnartz, H.},
journal = {Astronomy and Astrophysics},
number = {3},
pages = {1005--1012},
title = {{Desorption of CO and \ce{O2} Interstellar Ice Analogs}},
volume = {466},
year = {2007}
}
@article{Shustorovich1998,
author = {Shustorovich, E. and Sellers, H.},
journal = {Surface Science Reports},
pages = {1--119},
title = {{The UBI-QEP Method: A Practical Theoretical Approach to Understanding Chemistry on Transition Metal Surfaces}},
volume = {31},
year = {1998}
}
@article{Maestri2011,
author = {Maestri, M. and Reuter, K.},
journal = {Angewandte Chemie},
pages = {1194--1197},
title = {{Semiempirical Rate Constants for Complex Chemical Kinetics: First-Principles Assessment and Rational Refinement}},
volume = {50},
year = {2011}
}
@article{Miller2014,
author = {Miller, S. D. and Pushkarev, V. V. and Gellman, A. J. and Kitchin, J. R.},
journal = {Topics in Catalysis},
pages = {106--117},
title = {{Simulating Temperature Programmed Desorption of Oxygen on Pt(111) Using DFT Derived Coverage Dependent Desorption Barriers}},
volume = {57},
year = {2014}
}
@article{Tang2004,
author = {Tang, H. and {Van Der Ven}, A. and Trout, B. L.},
journal = {Molecular Physics},
pages = {273--279},
title = {{Lateral Interactions Between Oxygen Atoms Adsorbed on Platinum (111) by First Principles}},
volume = {102},
year = {2004}
}
@article{Han2005,
author = {Han, B. and {Van der Ven}, A. and Ceder, G. and Hwang, B.-J.},
journal = {Physical Review B},
pages = {205409},
title = {{Surface Segregation and Ordering of Alloy Surfaces in the Presence of Adsorbates}},
volume = {72},
year = {2005}
}
@article{Miller2009,
author = {Miller, S. D. and Kitchin, J. R.},
journal = {Surface Science},
pages = {794--801},
title = {{Relating the Coverage Dependence of Oxygen Adsorption on Au and Pt FCC(111) Surfaces Through Adsorbate-Induced Surface Electronic Structure Effects}},
volume = {603},
year = {2009}
}
@article{Schmidt2012,
author = {Schmidt, D. J. and Chen, W. and Wolverton, C. and Schneider, W. F.},
journal = {Journal of Chemical Theory and Computation},
pages = {264--273},
title = {{Performance of Cluster Expansions of Coverage-Dependent Adsorption of Atomic Oxygen on Pt(111)}},
volume = {8},
year = {2012}
}
@article{Bray2014,
author = {Bray, J. M. and Smith, J. L. and Schneider, W. F.},
journal = {Topics in Catalysis},
pages = {89--105},
title = {{Coverage-Dependent Adsorption at a Low Symmetry Surface: DFT and Statistical Analysis of Oxygen Chemistry on Kinked Pt(321)}},
volume = {57},
year = {2014}
}
@article{Lerch2009,
author = {Lerch, D and Wieckhorst, O and Hart, G L W and Forcade, R W and M\"{u}ller, S},
journal = {Modelling and Simulation in Materials Science and Engineering},
pages = {055003},
title = {{UNCLE: A Code for Constructing Cluster Expansions for Arbitrary Lattices with Minimal User-Input}},
volume = {17},
year = {2009}
}
@incollection{Bray2013b,
address = {London},
author = {Bray, J M and Schneider, W F},
booktitle = {Computational Catalysis},
editor = {Asthagiri, A. and Janik, M.},
file = {:C$\backslash$:/Users/John/Desktop/Research/Resources/draft11.pdf:pdf},
publisher = {RSC Publsihing},
title = {{First-Principles Thermodynamic Models in Heterogeneous Catalysis}},
year = {2013}
}
@article{McEwen2002,
author = {McEwen, J.-S. and Payne, S. H. and Stampfl, C.},
journal = {Chemical Physics Letters},
pages = {317--320},
title = {{Phase Diagram of O/Ru (0001) from First Principles}},
volume = {361},
year = {2002}
}
@article{Lazo2009,
author = {Lazo, C. and Keil, F.},
journal = {Physical Review B},
pages = {245418},
title = {{Phase Diagram of Oxygen Adsorbed on Ni(111) and Thermodynamic Properties From First-Principles}},
volume = {79},
year = {2009}
}
@article{Chen2012,
author = {Chen, R. and Chen, Z. and Ma, B. and Hao, X. and Kapur, N. and Hyun, J. and Cho, K. and Shan, B.},
journal = {Computational and Theoretical Chemistry},
pages = {77--83},
title = {{CO Adsorption on Pt(111) and Pd(111) Surfaces: A First-Principles Based Lattice Gas Monte-Carlo Study}},
volume = {987},
year = {2012}
}
@article{Tan2013,
author = {Tan, T. L. and Wang, L.-L. and Johnson, D. D. and Bai, K.},
journal = {The Journal of Physical Chemistry C},
pages = {22696--22704},
title = {{Hydrogen Deposition on Pt(111) during Electrochemical Hydrogen Evolution from a First-Principles Multiadsorption-Site Study}},
volume = {117},
year = {2013}
}
@article{Shan2009,
author = {Shan, B. and Zhao, Y. and Hyun, J. and Kapur, N. and Nicholas, J. B. and Cho, K.},
journal = {The Journal of Physical Chemistry C},
pages = {6088--6092},
title = {{Coverage-Dependent CO Adsorption Energy from First-Principles Calculations}},
volume = {113},
year = {2009}
}
@article{Lerch2008,
author = {Lerch, D. and Wieckhorst, O. and Hammer, L. and Heinz, K. and M\"{u}ller, S.},
journal = {Physical Review B},
pages = {121405},
title = {{Adsorbate Cluster Expansion for an Arbitrary Number of Inequivalent Sites}},
volume = {78},
year = {2008}
}
@article{Sluiter2003,
author = {Sluiter, M. and Kawazoe, Y.},
journal = {Physical Review B},
pages = {085410},
title = {{Cluster Expansion Method for Adsorption: Application of Hydogen Chemisorption on Graphene}},
volume = {68},
year = {2003}
}
@article{Stohr2009,
author = {St\"{o}hr, M. and Podloucky, R. and M\"{u}ller, S.},
journal = {Journal of Physics: Condensed Matter},
pages = {134017},
title = {{Ab initio Phase Diagram of Oxygen Adsorption on W(110).}},
volume = {21},
year = {2009}
}
@article{Liu2013,
author = {Liu, D.-J. and Evans, J. W.},
journal = {Progress in Surface Science},
pages = {393--521},
title = {{Realistic Multisite Lattice-Gas Modeling and KMC Simulation of Catalytic Surface Reactions: Kinetics and Multiscale Spatial Behavior for CO-Oxidation on Metal (100) Surfaces}},
volume = {88},
year = {2013}
}
@article{Liu2004,
author = {Liu, D.-J. and Evans, J. W.},
journal = {The Journal of Chemical Physics},
pages = {4352--4357},
title = {{Lattice-Gas Modeling of CO Adlayers on Pd(100)}},
volume = {121},
year = {2004}
}
@article{Bollmann2008,
author = {Bollmann, L. and Ratts, J. L. and Joshi, A. M. and Williams, W. D. and Pazmino, J. and Joshi, Y. V. and Miller, J. T. and Kropf, A. J. and Delgass, W. N. and Ribeiro, F. H.},
journal = {Journal of Catalysis},
pages = {43--54},
title = {{Effect of Zn Addition on the Water–Gas Shift Reaction Over Supported Palladium Catalysts}},
volume = {257},
year = {2008}
}
@article{Hilaire2001,
author = {Hilaire, S. and Wang, X. and Luo, T. and Gorte, R. J. and Wagner, J.},
journal = {Applied Catalysis A: General},
pages = {271--278},
title = {{A Comparative Study of Water-Gas-Shift Reaction Over Ceria Supported Metallic Catalysts}},
volume = {215},
year = {2001}
}
@article{Kugai2013,
author = {Kugai, J. and Fox, E. B. and Song, C.},
journal = {Applied Catalysis A: General},
pages = {204--214},
title = {{Role of \ce{CeO2} Support for Pd-Cu Bimetallic Catalysts for Oxygen-Enhanced Water Gas Shift}},
volume = {456},
year = {2013}
}
@article{Bunluesin1998,
author = {Bunluesin, T. and Gottea, R. J. and Graham, G. W.},
journal = {Applied Catalysis B: Environmental},
pages = {107--114},
title = {{Studies of the Water-Gas-Shift Reaction on Ceria-Supported Pt, Pd, and Rh: Implications for Oxygen-Storage Properties}},
volume = {15},
year = {1998}
}
@article{Ollis1981,
author = {Grenoble, D. C. and Estadt, M. M. and Ollis, D. F.},
journal = {Journal of Catalysis},
pages = {90--102},
title = {{The Chemistry and Catalysis of the Water Gas Shift Reaction}},
volume = {102},
year = {1981}
}
@article{Olympiou2007,
author = {Olympiou, G. G. and Kalamaras, C. M. and Zeinalipour-Yazdi, C. D. and Efstathiou, A. M.},
journal = {Catalysis Today},
pages = {304--318},
title = {{Mechanistic Aspects of the Water Gas Shift Reaction on Alumina-Supported Noble Metal Catalysts: In situ DRIFTS and SSITKA-Mass Spectrometry Studies}},
volume = {127},
year = {2007}
}
@article{Jr1994,
author = {{Bariber Jr}, J. and Duprez, D.},
journal = {Applied Catalysis B: Environmental},
pages = {105--140},
title = {{Steam Effects in Three-Way Catalysis}},
volume = {4},
year = {1994}
}
@article{Phatak2007,
author = {Phatak, A. A. and Koryabkina, N. and Rai, S. and Ratts, J. L. and Ruettinger, W. and Farrauto, R. J. and Blau, G. E. and Delgass, W. N. and Ribeiro, F. H.},
journal = {Catalysis Today},
pages = {224--234},
title = {{Kinetics of the Water Gas Shift Reaction on Pt Catalysts Supported on Alumina and Ceria}},
volume = {123},
year = {2007}
}
@article{Stamatakis2011,
author = {Stamatakis, M. and Vlachos, D. G.},
journal = {The Journal of Chemical Physics},
pages = {214115},
title = {{A Graph-Theoretical Kinetic Monte Carlo Framework for On-Lattice Chemical Kinetics.}},
volume = {134},
year = {2011}
}
@article{Stamatakis2011a,
author = {Stamatakis, M. and Chen, Y. and Vlachos, D. G.},
journal = {The Journal of Physical Chemistry C},
pages = {24750--24762},
title = {{First-Principles-Based Kinetic Monte Carlo Simulation of the Structure Sensitivity of the Water Gas Shift Reaction on Platinum Surfaces}},
volume = {115},
year = {2011}
}
@article{Clay2014,
author = {Clay, J. P. and Greeley, J. P. and Ribeiro, F. H. and Delgass, W. N. and Schneider, W. F.},
journal = {Journal of Catalysis},
title = {{DFT Comparison of Intrinsic WGS Kinetics over Pd and Pt}},
year = {2014},
volume = {320},
pages = {106-117}
}
@article{Tiishaus1990,
author = {Tushaus, M. and Berndt, W. and Conrad, H. and Bradshaw, A. M. and Persson, B.},
journal = {Applied Physics A},
pages = {91--98},
title = {{Understanding the Structure of High Coverage CO Adlayers}},
volume = {51},
year = {1990}
}
@article{Ohtani1987,
author = {Ohtani, H. and van Hove, M. A. and Somorjai, G. A.},
journal = {Surface Science},
pages = {372--386},
title = {{LEED Intensity Analysis of the Surface Structures of Pd(111) in a ($\sqrt{3} \times \sqrt{3})-$R30$^{\mathrm{o}}$ Arrangement}},
volume = {187},
year = {1987}
}
@article{Rose2002,
author = {Rose, M. K and Mitsui, T. and Dunphy, J. and Borg, A. and Ogletree, D. F. and Salmeron, M. and Sautet, P.},
journal = {Surface Science},
pages = {48--60},
title = {{Ordered structures of CO on Pd(111) studied by STM}},
volume = {512},
year = {2002}
}
@article{Surnev2000,
author = {Surnev, S. and Sock, M. and Ramsey, M. G. and Netzer, F. P. and Wiklund, M. and Borg, M. and Andersen, J. N.},
journal = {Surface Science},
pages = {171--185},
title = {{CO adsorption on Pd(111): A High-Resolution Core Level Photoemission and Electron Energy Loss Spectroscopy Study}},
volume = {470},
year = {2000}
}
@article{Bradshaw1978,
author = {Bradshaw, A. M. and Hoffmann, F. M.},
journal = {Surface Science},
pages = {513--535},
title = {{The Chemisorption of Carbon Monoxide on Palladium Single Crystal Surfaces: IR Spectroscopic Evidence for Loocalised Site Adsorption}},
volume = {72},
year = {1978}
}
@article{Hoffmann1983,
author = {Hoffmann, F. M.},
journal = {Surface Science Reports},
pages = {107--192},
title = {{Infared Reflection-Absorption Spectroscopy of Adsorbed Molecules}},
volume = {3},
year = {1983}
}
@article{Schaff1998,
author = {Gie\ss el, T. and Schaff, O. and Hirschmugl, C. J. and Fernandez, V. and Schindler, K.-M. and Theobald, A. and Bao, S. and Lindsay, R. and Berndt, W. and Bradshaw, A. M. and Baddeley, C. and Lee, A. F. and Lambert, R. M. and Woodruff, D. P.},
journal = {Surface Science},
pages = {90--102},
title = {{A Photoelectron Diffraction Study of Ordered Structures in the Chemisorption System Pd(111)-CO}},
volume = {406},
year = {1998}
}
@article{Conrad1974,
author = {Conrad, H. and Ertl, G. and Koch, J. and Latta, E. E.},
journal = {Surface Science},
pages = {462--480},
title = {{Adsorption of CO on Pd Single Crystal Surfaces}},
volume = {43},
year = {1974}
}
@article{Conrad1978,
author = {Conrad, H. and Ertl, G. and Kuppers, J.},
journal = {Surface Science},
pages = {323--342},
title = {{Interactions Between Oxygen and Carbon Monoxide on a Pd(111) Surface}},
volume = {76},
year = {1978}
}
@article{Sautet2000,
author = {Sautet, P. and Rose, M. K. and Dunphy, J. C. and Behler, S. and Salmeron, M.},
journal = {Surface Science},
pages = {25--31},
title = {{Adsorption and Energetics of Isolated CO Molecules on Pd(111)}},
volume = {453},
year = {2000}
}
@article{Lo1999,
author = {Loffreda, D. and Simon, D. and Sautet, P.},
journal = {Surface Science},
pages = {68--80},
title = {{Dependence of Stretching Frequency on Surface Coverage and Adsorbate–Adsorbate Interactions: A Density-Functional Theory Approach of CO on Pd(111)}},
volume = {425},
year = {1999}
}
@article{Herron2012,
author = {Herron, J. A. and Tonelli, S. and Mavrikakis, M.},
journal = {Surface Science},
pages = {1670--1679},
title = {{Atomic and Molecular Adsorption on Pd(111)}},
volume = {606},
year = {2012}
}
@article{Huang2010,
author = {Huang, S.-C. and Lin, C.-H. and Wang, J.-H.},
journal = {The Journal of Physical Chemistry C},
pages = {9826--9834},
title = {{Trends of Water Gas Shift Reaction on Close-Packed Transition Metal Surfaces}},
volume = {114},
year = {2010}
}
@article{Lin2011,
author = {Lin, C.-H. and Chen, C.-lL. and Wang, J.-H.},
journal = {The Journal of Physical Chemistry B},
pages = {18582--18588},
title = {{Mechanistic Studies of Water Gas-Shift Reaction on Transition Metals}},
volume = {115},
year = {2011}
}
@article{Martin2014,
author = {Martin, N. M. and van den Bossche, M. and Gronbeck, H. and Hakanoglu, C. and Zhang, F. and Li, T. and Gustafson, J. and Weaver, J. F. and Lundgren, E.},
journal = {The Journal of Physical Chemistry C},
pages = {1118--1128},
title = {{CO Adsorption on Clean and Oxidized Pd (111)}},
volume = {118},
year = {2014}
}
@article{Fernandez1997,
author = {Fernandez, V. and Gie\ss el, T. and Schaff, O. and Schindler, K.-M. and Theobald, A. and Hirschmugl, C. J. and Bao, S. and Bradshaw, A. M. and Baddeley, C. and Lee, A. F. and Lambert, R. M.},
journal = {Zeitschrift f\"{u}r Physikalische Chemie},
pages = {73--85},
title = {{A Photoelectron Diffraction Study of the Pd(111) $(\sqrt{3}\times\sqrt{3})R30^\mathrm{o}-$CO Chemisorption Phase}},
volume = {198},
year = {1997}
}
@article{Kresse1996,
author = {Kresse, G. and Furthm\"{u}ller, J.},
journal = {Computational Materials Science},
pages = {15--50},
title = {{Efficiency of ab initio Total Energy Calculations for Metals and Semiconductors Using a Plane-Wave Basis Set}},
volume = {6},
year = {1996}
}
@article{Kresse1996a,
author = {Kresse, G. and Furthm\"{u}ller, J.},
journal = {Physical Review B},
pages = {11169--11186},
title = {{Efficient Iterative Schemes for ab initio Total-Energy Calculations Using a Plane-Wave Basis Set}},
volume = {54},
year = {1996}
}
@article{Perdew1996,
author = {Perdew, J. P. and Burke, K. and Ernzerhof, M.},
journal = {Physical Review Letters},
pages = {3865--3868},
title = {{Generalized Gradient Approximation Made Simple}},
volume = {77},
year = {1996}
}
@article{Perdew1992,
author = {Perdew, J. P. and Wang, Y.},
journal = {Physical Review B},
pages = {13244--13249},
title = {{Accurate and Simple Analytic Representation of the Electron-Gas Correlation Energy}},
volume = {45},
year = {1992}
}
@article{Kresse1999,
author = {Kresse, G. and Joubert, D.},
journal = {Physical Review B},
pages = {11--19},
title = {{From Ultrasoft Pseudopotentials to the Projector Augmented-Wave Method}},
volume = {59},
year = {1999}
}
@article{Bloch1994,
author = {Bloch, P. E.},
journal = {Physical Review B},
pages = {17953--17979},
title = {{Projector Augmented-Wave Method}},
volume = {50},
year = {1994}
}
@article{DaveyWheeler1925,
author = {Davey, W. P.},
journal = {Physical Review},
pages = {753--761},
title = {{Precision Measurements of the Lattice Constants of Twelve Common Metals}},
volume = {538},
year = {1925}
}
@article{Monkhorst1976,
author = {Monkhorst, H. J. and Pack, J. D.},
journal = {Physical Review B},
pages = {5188--5192},
title = {{Special Points for Brillouin-Zone Integrations}},
volume = {13},
year = {1976}
}
@book{Nakamoto2009,
address = {Hoboken, New Jersey},
author = {Nakamoto, K.},
edition = {Sixth},
publisher = {John Wiley \& Sons},
title = {{Infrared and Ramen Spectra and Coordination Compounds}},
year = {2009}
}
@article{VandeWalle2009,
author = {van de Walle, A.},
journal = {CALPHAD: Computer Coupling of Phase Diagrams and Thermochemistry},
pages = {266--278},
title = {{Multicomponent Multisublattice Alloys, Nonconfigurational Entropy and Other Additions to the Alloy Theoretic Automated Toolkit}},
volume = {33},
year = {2009}
}
@article{VandeWalle2002,
author = {van de Walle, A. and Asta, M.},
journal = {Modeling and Simulations in Materials Science and Engineering},
pages = {521--538},
title = {{Self-Driven Lattice-Model Monte Carlo Simulations of Alloy Thermodynamic Properties and Phase Diagrams}},
volume = {10},
year = {2002}
}
@article{VandeWalle2003,
author = {van de Walle, A. and Asta, M. and Ceder, G.},
journal = {CALPHAD: Computer Coupling of Phase Diagrams and Thermochemistry},
pages = {539--553},
title = {{The Alloy Theoretic Automated Toolkit: A User Guide}},
volume = {26},
year = {2003}
}
@article{VandeWalle2002a,
author = {van de Walle, A. and Ceder, G.},
journal = {Journal of Phase Equilbria},
pages = {348--359},
title = {{Automating First-Principle Phase Diagram Calculations}},
volume = {23},
year = {2002}
}
@phdthesis{Bray2013,
author = {Bray, J. M.},
number = {April},
school = {University of Notre Dame},
title = {{Adsorbate Coverage Dependence in Heterogeneous Catalysis: Kinetics of Oxygen on Platinum Surfaces From First Principles}},
year = {2013}
}
@article{Zhang1993,
author = {Zhang, P.},
journal = {The Annals of Statistics},
pages = {299--313},
title = {{Model Selection via Multifold Cross Validation}},
volume = {21},
year = {1993}
}
@article{Shao1993,
author = {Shao, J.},
journal = {Journal of the American Statistical Association},
pages = {486--494},
title = {{Linear Model Selection by Cross-Validation}},
volume = {88},
year = {1993}
}
@article{Arlot2010,
author = {Arlot, S. and Celisse, A.},
journal = {Statistics Surveys},
pages = {40--79},
title = {{A Survey of Cross-Validation Procedures for Model Selection}},
volume = {4},
year = {2010}
}
@article{Feibelman2001,
author = {Feibelman, P. J. and Hammer, B. and N\o rskov, J. K. and Wagner, F. and Scheffler, M. and Stumpf, R. and Watwe, R. and Dumesic, J.},
journal = {The Journal of Physical Chemistry B},
pages = {4018--4025},
title = {{The CO/Pt(111) Puzzle}},
volume = {105},
year = {2001}
}
@article{Kresse2003,
author = {Kresse, G. and Gil, A. and Sautet, P.},
journal = {Physical Review B},
pages = {073401},
title = {{Significance of Single-Electron Energies for the Description of CO on Pt(111)}},
volume = {68},
year = {2003}
}
@article{Park1999,
author = {Park, Y. K. and Aghalayam, P. and Vlachos, D. G.},
journal = {Journal of Physical Chemistry A},
pages = {8101--8107},
title = {{A Generalized Approach for Predicting Coverage-Dependent Reaction Parameters of Complex Surface Reactions: Application to \ce{H2} Oxidation over Platinum}},
volume = {103},
year = {1999}
}
@article{Aghalayam2003,
author = {Aghalayam, P. and Park, Y. K. and Fernandes, N. and Papavassiliou, V. and Mhadeshwar, A. B. and Vlachos, D. G.},
journal = {Journal of Catalysis},
pages = {23--38},
title = {{A C1 Mechanism for Methane Oxidation on Platinum}},
volume = {213},
year = {2003}
}
@article{Hansgen2010,
author = {Hansgen, D. A. and Vlachos, D. G. and Chen, J. G.},
journal = {Nature Chemistry},
pages = {484--489},
title = {{Using First Principles to Predict Bimetallic Catalysts for the Ammonia Decomposition Reaction}},
volume = {2},
year = {2010}
}
@article{Aghalayam2000,
author = {Aghalayam, P. and Park, Y. K. and Vlachos, D. G.},
journal = {AIChE Journal},
pages = {2017--2029},
title = {{Construction and Optimization of Complex Surface-Reaction Mechanisms}},
volume = {46},
year = {2000}
}
@article{Baker1966,
author = {Baker, B. G.},
journal = {The Journal of Chemical Physics},
pages = {2694},
title = {{Configurational Entropy of Adsorption of Large Atoms}},
volume = {45},
year = {1966}
}
@article{Fowler1936,
author = {Fowler, R. H.},
journal = {Mathematical Proceedings of the Cambridge Philosophical Society},
pages = {144--151},
title = {{Adsorption Isotherms: Critical Isotherms}},
volume = {32},
year = {1936}
}
@book{Theil1961,
address = {Amsterdam},
author = {Theil, H.},
publisher = {Noth Holland Publshing Company},
title = {{Economic Forecasts and Policy}},
year = {1961}
}
@book{Tester1997,
address = {Upper Saddle River, NJ},
author = {Tester, J. W. and Modell, M.},
edition = {Third},
publisher = {Prentice Hall PTR},
title = {{Thermodynamics and Its Applications}},
year = {1997}
}
@article{Redhead1962,
author = {Redhead, P. A.},
journal = {Vacuum},
pages = {203--211},
title = {{Thermal Desorption of Gases}},
volume = {12},
year = {1962}
}
@article{Campbell2013,
author = {Campbell, C. T. and \'{A}rnad\'{o}ttir, L. and Sellers, J. R. V.},
journal = {Zeitschrift f\"{u}r Physikalische Chemie},
pages = {1--20},
title = {{Kinetic Prefactors of Reactions on Solid Surfaces}},
volume = {227},
year = {2013}
}
@article{Campbell2012,
author = {Campbell, C. T. and Sellers, J. R. V.},
journal = {Journal of the American Chemical Society},
pages = {18109--18115},
pmid = {23033909},
title = {{The Entropies of Adsorbed Molecules}},
volume = {134},
year = {2012}
}
@article{Bajpai2020,
author = {Bajpai, Anshumaan and Frey, Kurt and Schneider, William F.},
title = {Comparison of Coverage-Dependent Binding Energy Models for Mean-Field Microkinetic Rate Predictions},
journal = {Langmuir},
volume = {36},
number = {1},
pages = {465-474},
year = {2020},
doi = {10.1021/acs.langmuir.9b03563},
}
@article{wellendorff2015,
	title = {A benchmark database for adsorption bond energies to transition metal surfaces and comparison to selected {DFT} functionals},
	volume = {640},
	issn = {00396028},
	url = {https://linkinghub.elsevier.com/retrieve/pii/S0039602815000837},
	doi = {10.1016/j.susc.2015.03.023},
	urldate = {2021-07-31},
	journal = {Surface Science},
	author = {Wellendorff, Jess and Silbaugh, Trent L. and Garcia-Pintos, Delfina and Nørskov, Jens K. and Bligaard, Thomas and Studt, Felix and Campbell, Charles T.},
	month = oct,
	year = {2015},
	pages = {36--44},
}